<?xml version="1.0" encoding="UTF-8"?><collection xmlns="http://www.loc.gov/MARC21/slim"><record><leader>00517nam--2200169-i-4500</leader><controlfield tag="001">000049152</controlfield><controlfield tag="002">20161230</controlfield><controlfield tag="005">20170107155255</controlfield><controlfield tag="008">060222s1000------------r-----000-0-eng-d</controlfield><datafield ind1=" " ind2=" " tag="040"><subfield code="a">IFIN-HH</subfield></datafield><datafield ind1=" " ind2=" " tag="080"><subfield code="a">539.126.6(061.3):539.12(061.3)</subfield></datafield><datafield ind1="1" ind2=" " tag="110"><subfield code="a">Hungarian Physical Society</subfield></datafield><datafield ind1="1" ind2="0" tag="245"><subfield code="a">Proceedings of the Second Symposium on Hadron Spectroscopy Balatonf©ơred, Hungary 6-11 September 1970</subfield></datafield><datafield ind1=" " ind2=" " tag="260"><subfield code="a">Budapest</subfield><subfield code="b">Academy Press</subfield><subfield code="c">1972</subfield></datafield><datafield ind1=" " ind2=" " tag="300"><subfield code="a">276 p</subfield></datafield><datafield ind1=" " ind2=" " tag="852"><subfield code="a">40267</subfield><subfield code="c">539.12</subfield></datafield><datafield ind1=" " ind2=" " tag="CAT"><subfield code="a">SYS</subfield><subfield code="c">20170107</subfield><subfield code="h">155255</subfield></datafield></record></collection>